@article{tsinfer,
  author = {Kelleher, Jerome and Wong, Yan and Wohns, Anthony W. and Fadil, Chaimaa and Albers, Patrick K. and McVean, Gil},
  issn = {15461718},
  journal = {Nature Genetics},
  keywords = {methods tree_sequence tree_sequence_inference},
  number = 9,
  pages = {1330--1338},
  title = {Inferring whole-genome histories in large population datasets},
  volume = 51,
  year = 2019
}

@article{msprime,
  title={Efficient coalescent simulation and genealogical analysis for large sample sizes},
  author={Kelleher, Jerome and Etheridge, Alison M and McVean, Gilean},
  journal={PLoS computational biology},
  volume={12},
  number={5},
  pages={e1004842},
  year={2016},
  publisher={Public Library of Science}
}

@article {Martin429,
	author = {Martin, Simon H. and Van Belleghem, Steven M.},
	title = {Exploring Evolutionary Relationships Across the Genome Using Topology Weighting},
	volume = {206},
	number = {1},
	pages = {429--438},
	year = {2017},
	doi = {10.1534/genetics.116.194720},
	publisher = {Genetics},
	issn = {0016-6731},
	URL = {https://www.genetics.org/content/206/1/429},
	eprint = {https://www.genetics.org/content/206/1/429.full.pdf},
	journal = {Genetics}
}

